@article{brooker2021filling,
	title={Filling in the gaps: Creative imagination and nostalgia in ZX Spectrum Gaming},
	author={Brooker, Will},
	journal={Participations: Journal of Audience and Reception Studies},
	volume={18},
	number={2},
	pages={3--43},
	year={2021}
}

@book{woodcock2012zx,
	title={The ZX Spectrum on Your PC},
	author={Woodcock, Colin},
	year={2012},
	publisher={Lulu. com}
}


@online{demonfromdarkside2020,
	ALTauthor = {world of spectrum},
	title = {Demon from the Darkside	},
	date = {May 25, 2020},
	url = {https://worldofspectrum.org/archive/software/text-adventures/demon-from-the-darkside-compass-software},
}

@article{vidrih2023generative,
	title={Generative AI-Driven Storytelling: A New Era for Marketing},
	author={Vidrih, Marko and Mayahi, Shiva},
	journal={arXiv preprint arXiv:2309.09048},
	year={2023}
}

@inproceedings{fotedar2020storytelling,
	title={Storytelling AI: A Generative Approach to Story Narration.},
	author={Fotedar, Sonali and Vannisselroij, Koen and Khalil, Shama and Ploeg, Bas},
	booktitle={AI4Narratives@ IJCAI},
	pages={19--22},
	year={2020}
}